% ------------------------------------------------------------------------
% SAMPLE BIBLIOGRAPHY FILE
% ------------------------------------------------------------------------

% ------------------------------------------------------------------------
@BOOK{Griffith87,
AUTHOR =	{David Griffiths},
TITLE =		{Introduction to Elementary Particles},
publisher =	{JOHN WILEY \& SONS, INC},
year = 		{1987}
}



@BOOK{Sundar01,
AUTHOR =        {M. K Sundaresan},
TITLE =         {Handbook of PARTICLE PHYSICS},
publisher =     {CRC Press},
year =          {2001}
}


@article{hepNov00,
AUTHOR =	{M. Spira2 \& P. M. Zerwas3, H. Spiesberger1},
TITLE = 	{{THE STANDARD MODEL: PHYSICAL BASIS AND SCATTERING EXPERIMENTS}},
journal =	{arxiv [hep-ph/0011255]},
year =		{2000}
}
@BOOK{Martin06,
AUTHOR =        {B.R.Martin},
TITLE =		{Nuclear \& Particle Physics},
publisher =     {JOHN WILEY \& SONS, INC},
year =          {2006}
}

@BOOK{FR11,
AUTHOR =        {Fayyazuddin and Riazuddin},
TITLE =         {A modern introduction to particle physics},
edition =       {Third},
publisher =     {World Scientific: Singapore, New Jersey, London, Hong Kong},
year =          {2011}
}

@BOOK{RHW,
AUTHOR =        {Halliday Resnick and Walker},
TITLE =         {Fundamentals of Physics},
publisher =     {WILEY},
edition =       {$8^{th}$},
year =          {2007}
}

@article{PhysRevL3309-1,
AUTHOR =        {The \textbf{D{\O}} Collaboration},
TITLE =         {{Measurement of the W Boson Mass}},
journal =       {Phys. Rev. \textbf{D52}, 4784},
year =          {1995}
}

@article{hep-ph9712475v1,
AUTHOR =        {I. Bigi},
TITLE =         {{CP Violation an Essential Mystery in Nature's Grand Design}},
journal =       {Surveys High Energ. Phys. \textbf{12} 269-336},
year =          {1998}
}


@article{PhysRevApr1995,
AUTHOR =	{The \textbf{CDF} Collaboration},
TITLE =		{{Observation of Top Quark Production in $p\bar{p}$ Collisions with the Collider Detector at Fermilab}},
journal =	{Phys. Rev. Lett. \textbf{74} 2626},
year =          {1995}
}
@article{PhysRevMar1995,
AUTHOR =        {The \textbf{D{\O}} Collaboration},
TITLE =         {{Search for High Mass Top Quark Production in pp Collisions at $\sqrt{s}$ = 1.8 TeV}},
journal =       {Phys. Rev. Lett. \textbf{74} 2422},
year =          {1995}
}

@article{topMass,
AUTHOR =        {The \textbf{CMS} Collaboration},
TITLE =         {{Measurement of the Top Quark Pair Production Cross Section in $\sqrt{s}$ = 7 TeV pp Collisions using Lepton + Jets Events}},
journal =       {Phys. Lett. \textbf{B720} 83},
year =          {2013}
}

@article{ParPhy08,
AUTHOR =        {C. Amsler et. al.},
TITLE =         {{Particle Data Group (PDG)}},
journal =       {Phys. Lett. \textbf{B667}, 1},
year =          {2008}
}
@article{hep-ph12Mar03,
AUTHOR =        {Jacobo Konigsberg \& David Rainwater, Dhiman Chakraborty},
TITLE =         {{Review of Top Quark Physics}},
journal =       {Ann. Rev. Nucl. Part. Sci. \textbf{53} 301-351},
year =          {2003}
}
@article{DOI1721-3,
AUTHOR =        {The \textbf{CMS} Collaboration},
TITLE =         {{Measurement of the $t\bar{t}$ Production Cross Section  in pp Collisions at $\sqrt{s}$ = 7 TeV using the Kinematic Properties of Events with Leptons and Jets}},
journal =       {EPJC \textbf{9} 1721},
year =          {2011}
}
@article{hep-ex20Sep12,
AUTHOR =        {The \textbf{CMS} Collaboration},
TITLE =         {{Measurement of the single-top-quark t-channel cross section in pp collisions at $\sqrt{s}$ = 7 TeV}},
journal =       {JHEP \textbf{12} 035},
year =          {2012}
}

@article{discovery-of-top,
AUTHOR =        {The \textbf{CMS} Collaboration},
TITLE =         {{Measurement of the $t\bar{t}$ production cross section in all-jet final states in pp collisions at $\sqrt{s}$ = 7 TeV}},
journal =       {JHEP \textbf{1305} 065},
year =          {2012}
}

@article{PhysRev10,
AUTHOR =        {The \textbf{CDF} Collaboration},
TITLE =         {{Measurement of the Top Pair Production Cross Section in the Dilepton Decay Channel in $p\bar{p}$ Collisions at $\sqrt{s}$ = 1.96 TeV}},
journal =       {Phys. Rev. \textbf{D82} 052002},
year =          {2010}
}

@article{PhysRev09,
AUTHOR =        {The \textbf{CDF} Collaboration},
TITLE =        {{Measurement of the $t\bar{t}$ Production Cross Section in 2 fb$^{-1}$ of $p\bar{p}$ Collisions at $\sqrt{s}$ = 1.96 TeV Using Lepton Plus Jets Events with Soft Muon Tagging}}, 
journal =       {Phys. Rev. \textbf{D79} 052007},
year =          {2009}
}

@article{PhysRev07,
AUTHOR =        {The \textbf{CDF} Collaboration},
TITLE =         {{First Measurement of the Fraction of Top Quark Pair Production Through Gluon-Gluon Fusion}}, 
journal =       {Phys. Rev. \textbf{D75} 031105},
year =          {2007}
}
@misc{httpcern-lhc-discovery,
AUTHOR =        {The New York Times},
TITLE =         {{Physicists Find Elusive Particle Seen as Key to Universe}},
howpublished =  "\url{http://www.nytimes.com/2012/07/05/science/cern-physicists-may-have-discovered-higgs-boson-particle.html}",
year =          {2012}
}

@article{7214hep-ex31Jul12,
AUTHOR =        {The \textbf{ATLAS} Collaboration},
TITLE =         {{Observation of a New Particle in the Search for the Standard Model Higgs Boson with the ATLAS Detector at the LHC}},
journal =       {Phys. Lett. \textbf{B716} 1-29},
year =          {2012}
}
@article{7235hep-ex31Jul12,
AUTHOR =        {The \textbf{CMS} Collaboration},
TITLE =         {{Observation of a new boson at a mass of 125 GeV with the CMS experiment at the LHC}},
journal =       {Phys. Lett. \textbf{B716} 30},
year =          {2012}
}

@article{tophiggs,
AUTHOR =        {The \textbf{CMS} Collaboration},
TITLE =         {{Search for standard model Higgs boson production in association with a top quark pair in pp collisions at the LHC}},
journal =       {arXiv:1303. 0763. v1},
year =          {2013}
}

@misc{lhc,
AUTHOR =        {\textbf{CERN}},
TITLE =         {{The Large Hadron Collider}},
howpublished =  "\url{http://public.web.cern.ch/public/en/lhc/lhc-en.html}",
year =          {2012}
}

@misc{lhcdetectors,
AUTHOR ={Claudia-Elisabeth Wulz},
TITLE = {{The \textbf{CMS} experiment at \textbf{CERN}}},
howpublished = {doi:10. 1117/12. 620786}
}
@article{cms,
AUTHOR =        {The \textbf{CMS} Collaboration},
TITLE =         {{Detector Performance and Software}},
journal =       {Technical Design Report CMS 8.1},
year =          {2006}
}

@article{tracker,
AUTHOR =        {The \textbf{CMS} Collaboration},
TITLE =         {{Tracker Technical Design Report}},
journal =       {CERN/LHCC 98-6 CMS TDR 5},
year =          {1998}
}

@article{tracker2,
AUTHOR =        {The \textbf{CMS} Collaboration},
TITLE =         {{The CMS experiment at the CERN LHC}},
journal =       {JINST \textbf{3} S08004},
year =          {2008}
}

@article{ecal1,
AUTHOR =        {The \textbf{CMS} Collaboration},
TITLE =         {{The Electromagnetic Calorimeter Technical Design Report}},
journal =       {Technical Design Report CMS 4},
year =          {2008}
}


@techreport{ecal2,
AUTHOR =        {P. Busson, C. Charlot},
TITLE =         {{A METHOD FOR ELECTRON/PHOTON RECONSTRUCTION IN CMS PbWO$_4$ CRYSTAL ECAL}},
institution =   {CMS-TN/95-074},
year =          {1995}
}

@misc{hcal,
AUTHOR =        {The \textbf{CMS} Collaboration},
TITLE =         {{Missing transverse energy performance of the CMS detector}},
howpublished =  {JINST \textbf{6} 09001},
year =          {2011}
}

@article{magnet,
AUTHOR =        {C-E Wulz (\textbf{CMS} Collaboration)},
TITLE =         {{Measurement technology for the CMS experiment}},
journal =       {Meas. Sci. Technol. \textbf{18} 2424},
year =          {2007}
}

@misc{muon_syst,
AUTHOR =        {DONALD E.GROOM et. al.},
TITLE =         {{MUON STOPPING POWER AND RANGE TABLES 10 MeV.100 TeV}},
howpublished =  "\url{http://www.idealibrary.com}",
year =          {2001}
}


@article{eta,
AUTHOR =        {The \textbf{CMS} Collaboration},
TITLE =         {{Transverse momentum and pseudorapidity distributions of charged hadrons in pp collisions at $\sqrt{s}$ = 0.9 and 2.36 TeV}},
journal =       {JHEP \textbf{1002} 041},
year =          {2010}
}

@misc{beamSpot,
AUTHOR =        {Francisco Yumiceva},
TITLE =         {{BeamSpot}},
howpublished =  "\url{https://twiki.cern.ch/twiki/bin/view/CMSPublic/SWGuideFindingBeamSpot}",
year =          {2011}
}


@misc{trigger,
AUTHOR =        {H. Czyrkowski et. al.},
TITLE =         {{RPC Based CMS Muon Trigger PROGRESS REPORT}},
howpublished =  {CMS TN/93-111},
year =          {1993}
}

@misc{cmssw,
AUTHOR =        {\textbf{CMS} Twiki},
TITLE =         {{Which CMSSW release to use}},
howpublished =  "\url{https://twiki.cern.ch/twiki/bin/view/CMSPublic/WorkBookWhichRelease}",
year =          {2012}
}

@article{pythia,
AUTHOR =        {Torbjorn Sjostrand et. al.},
TITLE =         {{PYTHIA 6.4 Physics and Manual}},
journal =       {JHEP \textbf{0605} 026},
year =          {2006}
}
@article{POWHEG,
AUTHOR =        {Stefano Frixione et. al.},
TITLE =         {{The POWHEG-hvq manual}},
journal =       {arXiv: 0707. 3081},
year =          {2009}
}
@article{MadGraph,
AUTHOR =        {Johan Alwall et. al.},
TITLE =         {{MadGraph/MadEvent}},
journal=        {JHEP \textbf{0709} 028},
year =          {2007}
}
@misc{PFAlgo,
AUTHOR =        {The \textbf{CMS} Collaboration},
TITLE =         {{Particle Flow Event Reconstruction in CMS and Performance for Jets, Taus, and Missing Transverse Energy}},
howpublished =  {CMS PAS PFT-09-001},
year =          {2009}
}

@misc{btag,
AUTHOR =        {The \textbf{CMS} Collaboration},
TITLE =         {{b-Jet Identification in the CMS Experiment}},
howpublished =  {CMS PAS BTV-11-004},
year =          {2012}
}

@article{btag1,
AUTHOR =        {Heavy Flavor Averaging Group (HFAG)},
TITLE =         {{Averages of b-hadron and c-hadron Properties at the End of 2007}},
journal =       {arXiv:0808.1297 [hep-ex]},
year =          {2008}
}

@article{btag-algo,
AUTHOR =        {The \textbf{CMS} Collaboration},
TITLE =         {{Measurement of the $t\bar{t}$ Production Cross Section in pp Collisions at 7 TeV in Lepton + Jets Events Using b-quark Jet Identification}},
journal =       {Phys. Rev. \textbf{D84}, 092004},
year =          {2011}
}

@article{spher,
AUTHOR =        {M.L. Mangano et. al.},
TITLE =         {{ALPGEN, a generator for hard multiparton processes in hadronic collisions}},
journal =       {JHEP \textbf{0307} 001},
year =          {2003}
}

@article{aplan,
AUTHOR =        {Torbjorn Sjostrand},
TITLE =         {{PYTHIA 6.4 Physics and Manual}},
journal =       {JHEP \textbf{0605} 026},
year =          {2006}
}

@misc{PU0,
AUTHOR =        {Nature},
TITLE =         {{LHC prepares for data pile-up}},
howpublished =  "\url{http://www.nature.com/news/lhc-prepares-for-data-pile-up-1.10596}",
year =          {2012}
}

@misc{PU,
AUTHOR =        {CMS.web},
TITLE =         {{Reconstructing a multitude of particle tracks within CMS}},
howpublished =  "\url{http://cms.web.cern.ch/news/reconstructing-multitude-particle-tracks-within-cms}",
year =          {2012}
}

@misc{cms2012,
AUTHOR =        {CMS Twiki},
TITLE =         {{Active Channels in 2012}},
howpublished =  "\url{https://twiki.cern.ch/twiki/bin/rdiff/CMSPublic/ActiveChannelsSummary}",
year =          {2012}
} 


@phdthesis{Geng-Yuan-Jeng,
AUTHOR =        {Geng-Yuan-Jeng},
TITLE =         {{Measurement of the Top Quark Pair Production Cross Section in pp Collisions at a Center-of-Mass Energy of 7 TeV with the CMS Experiment at the LHC}},
school =        {UNIVERSITY OF CALIFORNIA RIVERSIDE},
year =          {2011}
}

@misc{MCsamples,
AUTHOR =        {CMS Twiki},
TITLE =         {{MC samples}},
howpublished  = "\url{https://twiki.cern.ch/twiki/bin/view/CMS/TWikiTop2011DataMCTrig}",
year =          {2011}
}

@misc{json,
AUTHOR =        {CMS},
TITLE =         {{JSON files for 2011}},
howpublished  = "\url{https://cms-service-dqm.web.cern.ch/cms-service-dqm/CAF/certification/Collisions11/7TeV/Prompt}",
year =          {2011}
}

@misc{selection,
AUTHOR =        {CMS Twiki},
TITLE =         {{Top PAG Reference Selections for 2011}},
howpublished  = "\url{https://twiki.cern.ch/twiki/bin/viewauth/CMS/TWikiTopRefEventSel2011}",
year =          {2011}
} 

@unpublished{cmsnote,
AUTHOR =        {The \textbf{CMS} Collaboration},
TITLE =         {{Measurement of the top quark mass in the lepton+jets channel using the ideogram method with 5.0 fb$^{-1}$}},
note =          {Analysis Note},
year =          {2011}
}

@misc{synchro,
AUTHOR =        {CMS Twiki},
TITLE =         {{Synchronization for 2011 Reference Selection for the ttbar$\to$ Muon+Jets Channel}},
howpublished  = "\url{https://twiki.cern.ch/twiki/bin/viewauth/CMS/TopRefSelSynch2011mujets}",
year =          {2011}
}

@misc{luminosity,
AUTHOR =        {CMS Twiki},
TITLE =         {{The official CMS Luminosity Calculation}},
howpublished  = "\url{https://twiki.cern.ch/twiki/bin/viewauth/CMS/LumiCalc}",
year =          {2012}
}

@article{hdecay,
AUTHOR =        {M.Spira et. al.},
TITLE =         {{HDECAY}},
journal =       {Comput. Phys. Commun. 108 56-74},
year =          {1998}
}








